<?xml version="1.0" encoding="UTF-8"?><record xmlns="http://www.loc.gov/MARC21/slim" xmlns:cinclude="http://apache.org/cocoon/include/1.0" xmlns:zs="http://www.loc.gov/zing/srw/">
  <leader>00565nz  a2200145n  4500</leader>
  <controlfield tag="001">no2010120969</controlfield>
  <controlfield tag="003">DLC</controlfield>
  <controlfield tag="005">20100729075614.0</controlfield>
  <controlfield tag="008">100727n| acannaabn          |n aaa     c</controlfield>
  <datafield tag="010" ind1=" " ind2=" ">
    <subfield code="a">no2010120969</subfield>
  </datafield>
  <datafield tag="035" ind1=" " ind2=" ">
    <subfield code="a">(OCoLC)oca08572699</subfield>
  </datafield>
  <datafield tag="040" ind1=" " ind2=" ">
    <subfield code="a">NjBlaOCU</subfield>
    <subfield code="b">eng</subfield>
    <subfield code="c">NjBlaOCU</subfield>
  </datafield>
  <datafield tag="100" ind1="1" ind2=" ">
    <subfield code="a">Rashed, Tarek,</subfield>
    <subfield code="d">1971-</subfield>
  </datafield>
  <datafield tag="670" ind1=" " ind2=" ">
    <subfield code="a">Remote sensing of urban and suburban areas, c2010:</subfield>
    <subfield code="b">t.p. (Tarek Rashed) t.p. verso (Dr.; Geospatial Applied Research, Austin, TX)</subfield>
  </datafield>
  <datafield tag="670" ind1=" " ind2=" ">
    <subfield code="a">OCLC, July 26, 2010</subfield>
    <subfield code="b">(hdgs.: Rashed, Tarek M. G. E., 1971-; Rashed, Tarek M. G. E.; usage: Tarek M.G.E. Rashed)</subfield>
  </datafield>
</record>